@MISC{ToDo,
   author = "To",
   title = "Ro",
   howpublished = "fre",
   year = 1980,
}

@MISC{rogue,
   author = "Toy, Michael and Wichman, Glenn",
   title = "Rogue",
   howpublished = "freely-distributed executable",
   year = 1980,
}

@MISC{SSX,
   author = "EA Canada",
   publisher = "EA Sports",
   title = "SSX(2012)",
   year = 2012,
}

@misc{roguebasin_2020,
title={List of Roguelikes by Theme},
url={http://www.roguebasin.com/index.php?title=List_of_Roguelikes_by_Theme},
author={Community written},
year={2021},
}

@misc{roguelikeSteam,
title={Browsing Roguelike},
url={https://store.steampowered.com/tags/en/Roguelike/},
author={Valve Corporation},
year={2020},
note = {125 results}
}

@inproceedings{Dsq,
  title={The definition and rendering of terrain maps},
  author={Miller, Gavin SP},
  booktitle={Proceedings of the 13th annual conference on Computer graphics and interactive techniques},
  pages={39--48},
  year={1986}
}

@inproceedings{proGen,
  title={Procedurally generating terrain},
  author={Archer, Travis},
  booktitle={44th annual midwest instruction and computing symposium, Duluth},
  pages={378--393},
  year={2011}
}

@inproceedings{perlinN,
author = {Perlin, Ken},
title = {Improving Noise},
year = {2002},
isbn = {1581135211},
publisher = {Association for Computing Machinery},
address = {New York, NY, USA},
url = {https://doi.org/10.1145/566570.566636},
doi = {10.1145/566570.566636},
abstract = {Two deficiencies in the original Noise algorithm are corrected: second order interpolation discontinuity and unoptimal gradient computation. With these defects corrected, Noise both looks better and runs faster. The latter change also makes it easier to define a uniform mathematical reference standard.},
booktitle = {Proceedings of the 29th Annual Conference on Computer Graphics and Interactive Techniques},
pages = {681â€“682},
numpages = {2},
keywords = {procedural texture},
location = {San Antonio, Texas},
series = {SIGGRAPH '02}
}

@software{terragen,
  author = {{Matt Fairclough}},
  title = {Terragen},
  url = {https://planetside.co.uk/},
  version = {4.5.56},
  date = {2021-01-01},
}

@online{Fairc,
  author = {Francois Ruty},
  title = {Realistic Landscape Rendering with Terragen},
  year = 2015,
  url = {https://fruty.io/2015/03/17/realistic-landscape-rendering-with-terragen/}
}

@article{goodfellow2014generative,
      title={Generative Adversarial Networks}, 
      author={Ian J. Goodfellow and Jean Pouget-Abadie and Mehdi Mirza and Bing Xu and David Warde-Farley and Sherjil Ozair and Aaron Courville and Yoshua Bengio},
      year={2014},
      eprint={1406.2661},
      archivePrefix={arXiv},
      primaryClass={stat.ML}
}

@misc{gangogh,
  author = {Andrea Danyluk et.al.},
  title = {GANGogh},
  year = {2017},
  publisher = {GitHub},
  journal = {GitHub repository},
  howpublished = {\url{https://github.com/rkjones4/GANGogh}}
}

@misc{persondoesnotexist,
title={This Person Does Not Exist},
url={https://thispersondoesnotexist.com/},
author={Phillip Wang},
year={2019},
}

@article{riverSat,
      title={Realistic River Image Synthesis using Deep Generative Adversarial Networks}, 
      author={Akshat Gautam and Muhammed Sit and Ibrahim Demir},
      year={2020},
      eprint={2003.00826},
      archivePrefix={arXiv},
      primaryClass={cs.CV}
}

@inproceedings{ganTerrain,
author = {spick, ryan rs and walker, james},
title = {Realistic and Textured Terrain Generation Using GANs},
year = {2019},
isbn = {9781450370035},
publisher = {Association for Computing Machinery},
address = {New York, NY, USA},
url = {https://doi.org/10.1145/3359998.3369407},
doi = {10.1145/3359998.3369407},
articleno = {3},
numpages = {10},
keywords = {Generative Adversarial Networks, Procedural Content Generation, Deep Learning},
location = {London, United Kingdom},
series = {CVMP '19}
}

@article{beckham2017step,
      title={A step towards procedural terrain generation with GANs}, 
      author={Christopher Beckham and Christopher Pal},
      year={2017},
      eprint={1707.03383},
      archivePrefix={arXiv},
      primaryClass={stat.ML}
}